@misc{interval-operators,
    note = {\url{https://en.wikipedia.org/wiki/Interval_arithmetic#Interval_operators}}
}